<?xml version = "1.0" encoding = "UTF-8"?><OAI-PMH xmlns="http://www.openarchives.org/OAI/2.0/" xmlns:xsi="http://www.w3.org/2001/XMLSchema-instance" xsi:schemaLocation="http://www.openarchives.org/OAI/2.0/ http://www.openarchives.org/OAI/2.0/OAI-PMH.xsd"><ListRecords><record><header><identifier>aleph-publish:019692383</identifier></header><metadata><record xmlns="http://www.ddb.de/professionell/mabxml/mabxml-1.xsd"><leader>00000nM2.01200024------h</leader><controlfield tag="LDR">00000nM2.01200024------h</controlfield><controlfield tag="FMT">MH</controlfield><datafield tag="001" ind1="-" ind2="1"><subfield code="a">CT001004829</subfield></datafield><datafield tag="002" ind1="a" ind2="1"><subfield code="a">20130528</subfield></datafield><datafield tag="003" ind1="-" ind2="1"><subfield code="a">20141002</subfield></datafield><datafield tag="021" ind1="-" ind2="1"><subfield code="a">HT010095606</subfield></datafield><datafield tag="026" ind1="-" ind2="1"><subfield code="a">HBZCT001004829</subfield></datafield><controlfield tag="030">a|1uc||||||17</controlfield><datafield tag="036" ind1="a" ind2="1"><subfield code="a">DXDE</subfield></datafield><datafield tag="037" ind1="b" ind2="1"><subfield code="a">ger</subfield></datafield><controlfield tag="050">||||||||g|||||</controlfield><controlfield tag="051">m|||||||</controlfield><datafield tag="064" ind1="a" ind2="1"><subfield code="a">Theaterstück</subfield><subfield code="9">(DE-588)4304080-9</subfield></datafield><datafield tag="070" ind1="-" ind2="1"><subfield code="a">929</subfield></datafield><datafield tag="070" ind1="b" ind2="1"><subfield code="a">929</subfield></datafield><datafield tag="078" ind1="e" ind2="1"><subfield code="a">ldd</subfield><subfield code="a">dilibri</subfield></datafield><datafield tag="080" ind1="-" ind2="1"><subfield code="a">60</subfield></datafield><datafield tag="100" ind1="-" ind2="1"><subfield code="p">Reiff, Johann J.</subfield><subfield code="d">1793-1864</subfield><subfield code="9">(DE-588)101423748</subfield></datafield><datafield tag="101" ind1="-" ind2="1"><subfield code="p">Reiff, J. J.</subfield><subfield code="d">1793-1864</subfield></datafield><datafield tag="101" ind1="-" ind2="1"><subfield code="p">Reiff, Johann Joseph</subfield><subfield code="d">1793-1864</subfield></datafield><datafield tag="101" ind1="-" ind2="1"><subfield code="p">Reiff, Johann Josef</subfield><subfield code="d">1793-1864</subfield></datafield><datafield tag="331" ind1="-" ind2="1"><subfield code="a">Otto von Rheineck</subfield></datafield><datafield tag="334" ind1="-" ind2="1"><subfield code="a">Elektronische Ressource</subfield></datafield><datafield tag="335" ind1="-" ind2="1"><subfield code="a">Trauerspiel in 5 Akten</subfield></datafield><datafield tag="359" ind1="-" ind2="1"><subfield code="a">von Johann Josef Reiff</subfield></datafield><datafield tag="410" ind1="-" ind2="1"><subfield code="a">Coblenz</subfield></datafield><datafield tag="412" ind1="-" ind2="1"><subfield code="a">Hölscher</subfield></datafield><datafield tag="425" ind1="a" ind2="1"><subfield code="a">1828</subfield></datafield><datafield tag="433" ind1="-" ind2="1"><subfield code="a">176 S.</subfield></datafield><datafield tag="552" ind1="b" ind2="1"><subfield code="a">urn:nbn:de:0128-1-37874</subfield></datafield><datafield tag="583" ind1="-" ind2="1"><subfield code="a">Archivierung/Langzeitarchivierung gewährleistet</subfield><subfield code="f">PERP</subfield><subfield code="5">DE-929</subfield></datafield><datafield tag="610" ind1="-" ind2="1"><subfield code="a">Digitalisierte Ausg.</subfield></datafield><datafield tag="611" ind1="a" ind2="1"><subfield code="a">Koblenz</subfield></datafield><datafield tag="613" ind1="a" ind2="1"><subfield code="a">Landesbibliothekszentrum Rheinland-Pfalz</subfield></datafield><datafield tag="619" ind1="a" ind2="1"><subfield code="a">2013</subfield></datafield><datafield tag="621" ind1="-" ind2="1"><subfield code="a">dilibri - digitale Sammlung Rheinland-Pfalz</subfield></datafield><datafield tag="652" ind1="a" ind2="1"><subfield code="a">Online-Ressource</subfield></datafield><datafield tag="655" ind1="e" ind2="1"><subfield code="q">text/html</subfield><subfield code="u">http://nbn-resolving.de/urn:nbn:de:0128-1-37874</subfield><subfield code="x">Resolving-System</subfield><subfield code="z">kostenfrei</subfield><subfield code="3">Volltext</subfield></datafield><datafield tag="700" ind1="l" ind2="1"><subfield code="a">330</subfield></datafield><datafield tag="700" ind1="l" ind2="1"><subfield code="a">200</subfield></datafield><datafield tag="700" ind1="l" ind2="1"><subfield code="a">130</subfield></datafield><datafield tag="700" ind1="l" ind2="1"><subfield code="a">140</subfield></datafield><datafield tag="902" ind1="-" ind2="1"><subfield code="p">Otto</subfield><subfield code="c">von Rheineck</subfield><subfield code="d">-1150</subfield><subfield code="9">(DE-588)138460604</subfield></datafield><datafield tag="902" ind1="-" ind2="1"><subfield code="f">Online-Ressource</subfield></datafield><controlfield tag="SYS">019692383</controlfield><datafield tag="LOW" ind1="-" ind2="1"><subfield code="a">R0001</subfield></datafield><datafield tag="952" ind1="-" ind2="1"><subfield code="p">Rheineck, Otto &lt;&lt;von&gt;&gt;</subfield><subfield code="d">-1150</subfield></datafield><datafield tag="088" ind1=" " ind2=" "><subfield code="a">929</subfield></datafield></record></metadata></record></ListRecords></OAI-PMH>